% Remark: This remark helps me remember why I memorized this reference.
@article{article2021,
    author = {A. B. Surname, C. D. Surname},
    title = {Full title of the article},
    journal = {Journal of Journals},
    year = {2021},

    volume = {2},
    number = {1},
    pages = {12--21},
    note = {},

    doi = {00.0000/jour.2021.00000}
}

% Remark: This remark helps me remember why I memorized this reference.
@book{book2021,
    author = {},
    title = {},
    publisher = {},
    year = {},

    volume = {},
    number = {},
    pages = {},
    note = {},

    doi = {}
}

% Remark: This remark helps me remember why I memorized this reference.
@misc{misc2021,
    author = {},
    title = {},
    howpublished = {},
    year = {},
    note = {},

    doi = {}
}